@book{1_price_1974,
author={Price, Derek J. de Solla},
title={Gears from the Greeks},
place={Philadelphia},
publisher={American Philosophical Society},
year={1974}
},

@article{2_price_1959,
author={Price, Derek J. de Solla},
title={An Ancient Greek Computer},
volume={200},
DOI={10.1038/scientificamerican0659-60},
number={6},
journal={Sci Am},
year={1959},
pages={60-67}
},

@article{3_freeth_bitsakis_moussas_seiradakis_tselikas_mangou_zafeiropoulou_hadland_bate_ramsey et al._2006,
author={Freeth, T. and Bitsakis, Y. and Moussas, X. and Seiradakis, J. H. and Tselikas, A. and Mangou, H. and Zafeiropoulou, M. and Hadland, R. and Bate, D. and Ramsey, A. et al.},
title={Decoding the ancient Greek astronomical calculator known as the Antikythera Mechanism},
volume={444},
DOI={10.1038/nature05357},
number={7119},
journal={Nature},
year={2006},
pages={587-591}
},

@book{4_haughton_2007,
author={Haughton, Brian},
title={Hidden history},
place={Franklin Lakes, NJ},
publisher={New Page Books},
year={2007}
},

@article{5_edmunds_freeth_2011,
author={Edmunds, Michael and Freeth, Tony},
title={Using Computation to Decode the First Known Computer},
volume={44},
DOI={10.1109/mc.2011.134},
number={7},
journal={Computer},
year={2011},
pages={32-39}
},

@article{6_gourtsoyannis_2010,
author={Gourtsoyannis, Elias},
title={Hipparchus vs. Ptolemy and the Antikythera Mechanism: Pin–Slot device models lunar motions},
volume={46},
DOI={10.1016/j.asr.2009.08.030},
number={4},
journal={Advances in Space Research},
year={2010},
pages={540-544}
},

@article{7_pastore_2010,
author={Pastore, Giovanni},
title={Antikythera Calculator advances modern science of 19 centuries},
volume={46},
DOI={10.1016/j.asr.2010.04.002},
number={4},
journal={Advances in Space Research},
year={2010},
pages={552-556}
},

@article{8_vallianatos_2012,
author={Vallianatos, Evaggelos},
title={Deciphering and Appeasing the Heavens: The History and Fate of an Ancient Greek Computer},
volume={45},
DOI={10.1162/leon_a_00367},
number={3},
journal={Leonardo},
year={2012},
pages={250-257}
},

@article{9_edmunds_2014,
author={Edmunds, M.G.},
title={The Antikythera mechanism and the mechanical universe},
volume={55},
DOI={10.1080/00107514.2014.927280},
number={4},
journal={Contemporary Physics},
year={2014},
pages={263-285}
},

@article{10_weinberg_grace_edwards_robinson_throckmorton_ralph_1965,
author={Weinberg, Gladys Davidson and Grace, Virginia R. and Edwards, G. Roger and Robinson, Henry S. and Throckmorton, Peter and Ralph, Elizabeth K.},
title={The Antikythera Shipwreck Reconsidered},
volume={55},
DOI={10.2307/1005929},
number={3},
journal={Transactions of the American Philosophical Society},
year={1965},
pages={3}
},

@article{11_freeth_jones_steele_bitsakis_2008,
author={Freeth, Tony and Jones, Alexander and Steele, John M. and Bitsakis, Yanis},
title={Calendars with Olympiad display and eclipse prediction on the Antikythera Mechanism},
volume={454},
DOI={10.1038/nature07130},
number={7204},
journal={Nature},
year={2008},
pages={614-617}
},

@article{12_charette_2006,
author={Charette, François},
title={Archaeology: High tech from Ancient Greece},
volume={444},
DOI={10.1038/444551a},
number={7119},
journal={Nature},
year={2006},
pages={551-552}
},

@article{13_ball_2008,
author={Ball, Philip},
title={Complex clock combines calendars},
volume={454},
DOI={10.1038/454561a},
number={7204},
journal={Nature},
year={2008},
pages={561-561}
},

@article{14_marchant_2006,
author={Marchant, Jo},
title={In search of lost time},
volume={444},
DOI={10.1038/444534a},
number={7119},
journal={Nature},
year={2006},
pages={534-538}
},

@article{15_marchant_2010,
author={Marchant, Jo},
title={Ancient astronomy: Mechanical inspiration},
volume={468},
DOI={10.1038/468496a},
number={7323},
journal={Nature},
year={2010},
pages={496-498}
}